@MANUAL{svgspec,
    title = "Scalable Vector Graphics (SVG) 1.1 Specification {[online]}",
    organization = "WWW Consorcium",
    url = "http://www.w3.org/TR/2003/REC-SVG11-20030114/",
    note = "[cit. 2011-07-07]",
    key = "svg"
}

@BOOK{kobltypo,
	title = "Praktick{\' a} typografie",
	author = "Pavel Ko{\v c}i{\v c}ka and Filip Bla{\v z}ek",
	publisher = "Brno: Computer Press",
	year = "2004"
}

@BOOK{rybicka,
	title = "LaTeX pro za\v c\'ate\v cn\'\i{}ky",
	author = "Ji{\v r}{\' i} Rybi{\v c}ka",
	isbn = "80-7302-049-1",
	publisher = "Brno: Konvoj",
	edition = "3"
}

@MANUAL{iso690,
	organization = "\'U\v rad pro technickou normalizaci, metrologii a st\'atn\'\i{} zku\v sebnictv\'\i{}",
	title = "\v CSN ISO 690 Informace a dokumentace -- Pravidla pro bibliografick\'e odkazy a citace informa\v cn\'\i{}ch zdroj{\r u}",
	year = "2011"
}

@MISC{anderson,
   author =       {Chris Anderson},
   title =        {The Long Tail},
   editor =       {Wired},
   month =        {říjen},
   year =         {2004},
   url = {http://archive.wired.com/wired/archive/12.10/tail.html},
   howpublished = "[online]"
 }

@MISC{digitaluniverse,
   author =       {John Gantz, David Reinsel},
   title =        {Extracting Value from Chaos},
   editor =       {IDC},
   month =        {červen},
   year =         {2011},
   url = {http://www.emc.com/collateral/analyst-reports/idc-extracting-value-from-chaos-ar.pdf},
   howpublished = "[online]"
 }

 @misc{wiki:longtail,
   author = "Wikipedia",
   title = "Long tail --- Wikipedia{,} The Free Encyclopedia",
   year = "2014",
   url = {http://en.wikipedia.org/w/index.php?title=Long_tail&oldid=603431399},
   note = "[Online; stav z 19. dubna 2014]"
 }

 @misc{slideshare:plista,
   author = "Torben Brodt",
   title = "Open Recommendation Platform",
   year = "2013",
   url = {http://www.slideshare.net/d0nut/open-recommendation-platform},
   note = "[Online; stav z 23. dubna 2014]"
 }

@MISC{affinity,
title="What Is Affinity Analysis?",
note="stav ze dne 21.4.2012",
url="http://www.wisegeek.com/what-is-affinity-analysis.htm",
howpublished = "[online]"
}

@MISC{amazonrec,
title="How does the Amazon Recommendation feature work?",
note="stav ze dne 21.4.2012",
url="http://stackoverflow.com/questions/2323768/how-does-the-amazon-recommendation-feature-work",
howpublished = "[online]"
}

@MISC{proklik,
title="Proklik",
note="stav ze dne 21.4.2012",
url="http://www.adaptic.cz/znalosti/slovnicek/proklik/",
howpublished = "[online]"
}

@misc{jacobi2006personalized,
  title={Personalized recommendations of items represented within a database},
  author={Jacobi, J.A. and Benson, E.A. and Linden, G.D.},
  url={http://www.google.com/patents/US7113917},
  year={2006},
  month=sep # "~26",
  publisher={Google Patents},
  note={US Patent 7,113,917}
}

@misc{linden2001collaborative,
  title={Collaborative recommendations using item-to-item similarity mappings},
  author={Linden, G.D. and Jacobi, J.A. and Benson, E.A.},
  url={https://www.google.com/patents/US6266649},
  year={2001},
  month=jul # "~24",
  publisher={Google Patents},
  note={US Patent 6,266,649}
}

@MISC{netflix2007,
title="Netflix offers streaming movies to subscribers",
note="stav ze dne 21.4.2012",
url="http://arstechnica.com/uncategorized/2007/01/8627/",
howpublished = "[online]"
}

@MISC{bellkor,
title="BellKor, AT\&T Labs, Inc. – Research",
note="stav ze dne 21.4.2012",
url="http://www2.research.att.com/~volinsky/netflix/",
howpublished = "[online]"
}

@MISC{netflixrec,
title="Netflix Contest: 1 Million Dollars for Better Recommendations",
note="stav ze dne 21.4.2012",
url="http://www.uie.com/brainsparks/2006/10/02/netflix-contest-1-million-dollars-for-better-recommendations/",
howpublished = "[online]"
}

@MISC{zitecnn,
title="CNN Acquires Zite",
note="stav ze dne 21.4.2012",
url="http://cnnpressroom.blogs.cnn.com/2011/08/30/cnnzite/",
howpublished = "[online]"
}

@MISC{ziteflip,
title="Zite is Flipping out",
note="stav ze dne 21.4.2012",
url="http://blog.zite.com/2014/03/05/zite-is-flipping-out/",
howpublished = "[online]"
}

@MISC{mendeleymahout,
title="Mendeley Suggest: Engineering a Personalized Article Recommender System",
note="stav ze dne 21.4.2012",
url="http://www.slideshare.net/KrisJack/mendeley-suggest-engineering-a-personalised-article-recommender-system",
howpublished = "[online]"
}

@MISC{mendeleylastfm,
title="Mendeley: Recommendation Systems for Academic Literature",
note="stav ze dne 21.4.2012",
url="http://www.slideshare.net/KrisJack/mendeley-recommendation-systems-for-academic-literature",
howpublished = "[online]"
}

@inproceedings{googlenews,
title = {Personalized News Recommendation Based on Click Behavior},
author  = {Jiahui Liu and Elin Pedersen and Peter Dolan},
year  = 2010,
booktitle = {2010 International Conference on Intelligent User Interfaces}
}

@MISC{fulltext,
title="Fulltext",
note="stav ze dne 24.4.2012",
url="http://www.adaptic.cz/znalosti/slovnicek/fulltext/",
howpublished = "[online]"
}

@misc{vitvarMq,
  Author = {Vitvar, Tomáš},
  Institution = {Czech Technical University In Prague},
  Howpublished = {University Lecture},
  note="stav ze dne 24.4.2012",
  Year = {2014},
  url="http://humla.vitvar.com/slides/mdw/lecture5-1p.pdf",
  Title = {Lecture 5: Application Server Services}
}

@misc{hlavac,
  Author = {Hlaváč, Václav},
  Institution = {Czech Technical University In Prague},
  Howpublished = {University Lecture},
  note="stav ze dne 24.4.2012",
  Year = {2014},
  url="http://cmp.felk.cvut.cz/~hlavac/Public/TeachingLectures/UceniBezUcitele.pdf",
  Title = {Učení bez učitele}
}

@misc{cf,
  Author = {Drachsler, Hendrik},
  Institution = {Open University of the Netherlands},
  Howpublished = {University Lecture},
  note="stav ze dne 24.4.2012",
  Year = {2014},
  url="http://www.slideshare.net/Drachsler/rec-sys-mupplelecturekmi",
  Title = {Recommender Systems and Learning Analytics in TEL}
}

@MISC{easyrec,
title="easyrec: Recommendation Engine",
note="stav ze dne 24.4.2012",
url="http://easyrec.org/recommendation-engine",
howpublished = "[online]"
}

@MISC{zeromq1,
author = "James Dennis",
title="ZeroMQ: Super Sockets",
note="stav ze dne 27.4.2012",
url="http://www.slideshare.net/j2d2/zeromq-super-sockets-by-j2-labs",
howpublished = "[online]"
}

@MISC{mahouttut,
author = "Cataldo Musto",
title="Apache Mahout – Tutorial (2014)",
note="stav ze dne 27.4.2012",
url="http://www.slideshare.net/Cataldo/apache-mahout-tutorial-recommendation-20132014",
howpublished = "[online]"
}

 @misc{wiki:invindex,
   author = "Wikipedia",
   title = "Inverted index --- Wikipedia{,} The Free Encyclopedia",
   year = "2014",
   url = {http://en.wikipedia.org/w/index.php?title=Inverted_index&oldid=591814302},
   note = "[Online; stav z 27. dubna 2014]"
 }

@MISC{socket,
author = "Vilém Vychodil",
title="Komunikace pomocí Socketu",
note="stav ze dne 27.4.2012",
url="http://vychodil.inf.upol.cz/publications/white-papers/socket-referat.pdf",
howpublished = "[online]"
}

@MISC{mtserver,
title="ØMQ - The Guide",
note="stav ze dne 26.4.2012",
url="http://zguide.zeromq.org/page:all",
howpublished = "[online]"
}

http://zguide.zeromq.org/page:all

@misc{itemcf,
author = {Dhoha Almazro and Ghadeer Shahatah and Lamia Albdulkarim and Mona Kherees and Romy Martinez and Lamia Albdulkarim and William Nzoukou},
title = {A Survey Paper on Recommender Systems},
note="stav ze dne 26.4.2012",
url="http://arxiv.org/pdf/1006.5278v4.pdf",
howpublished = "[online]"
}

@misc{pst0,
author = "Rudolf B. Blažek and Roman Kotecký and Jitka Hrabáková and Daniel Vašata",
title = {BI-PST – Pravděpodobnost a statistika, přednáška 1},
note="stav ze dne 25.4.2012",
url="https://edux.fit.cvut.cz/courses/BI-PST/_media/lectures/1_handout_pst.pdf",
howpublished = "[online]"
}

@misc{pst1,
author = "Rudolf B. Blažek and Roman Kotecký and Jitka Hrabáková and Daniel Vašata",
title = {BI-PST – Pravděpodobnost a statistika, přednáška 3},
note="stav ze dne 26.4.2012",
url="https://edux.fit.cvut.cz/courses/BI-PST/_media/lectures/3_handout_pst-v2.pdf",
howpublished = "[online]"
}

@misc{pst2,
title = {Kvantily},
note="stav ze dne 26.4.2012",
url="http://www-troja.fjfi.cvut.cz/~limpouch/sigdat/pravdh/node8.html",
howpublished = "[online]"
}

@misc{pst3,
title = {Náhodný výběr},
note="stav ze dne 26.4.2012",
url="ftp://math.feld.cvut.cz/pub/prucha/ubmi/predn/u12.pdf",
howpublished = "[online]"
}

@misc{pst4,
author = "David Černý",
title = {Bayesovská statistika: klíč k porozumění vesmíru?},
note="stav ze dne 26.4.2012",
url="http://gchd.cz/fygyz/2012_2013/david_cerny-bayesovska_statistika.pdf",
howpublished = "[online]"
}

@misc{pst5,
author = {Vychodil, Vilém},
  Institution = {Charles University in Prague},
title = {Pravděpodobnost a statistika: Normální rozdělení a centrální limitní věta},
note="stav ze dne 26.4.2012",
url="http://vychodil.inf.upol.cz/kmi/pras/pr09.pdf",
howpublished = "[online]"
}

@misc{aihorizon,
author = {aihorizon: Your Online Artificial Intelligence Resource},
title = {Machine Learning, Part I: Supervised and Unsupervised Learning},
note="stav ze dne 24.4.2012",
url="http://www.aihorizon.com/essays/generalai/supervised_unsupervised_machine_learning.htm",
howpublished = "[online]"
}

@misc{mff,
author = {Barták, Roman},
  Institution = {Charles University in Prague},
title = {Umělá inteligence II: Lekce 13},
note="stav ze dne 24.4.2012",
url="http://kti.ms.mff.cuni.cz/~bartak/ui2/lectures/lecture13.pdf",
howpublished = "[online]"
}

@misc{reinforcement,
  Author = {Jakob, Michal},
  Institution = {Czech Technical University In Prague},
  Howpublished = {University Lecture},
  note="stav ze dne 24.4.2012",
  Year = {2010},
  url="https://cw.felk.cvut.cz/wiki/_media/courses/a3m33ui/prednasky/files/ui-2010-p11-reinforcement_learning.pdf",
  Title = {Reinforcement Learning}
}

@phdthesis{Fielding:2000:ASD:932295,
 author = {Fielding, Roy Thomas},
 title = {Architectural Styles and the Design of Network-based Software Architectures},
 year = {2000},
 isbn = {0-599-87118-0},
 note = {AAI9980887},
 publisher = {University of California, Irvine},
} 
